
    <zs:record>
      <zs:recordSchema/>
      <zs:recordPacking>xml</zs:recordPacking>
      <zs:recordData>
        <record xmlns="http://www.loc.gov/MARC21/slim">
          <leader>00914cam a22002651  4500</leader>
          <controlfield tag="001">5925801</controlfield>
          <controlfield tag="005">20080417124156.0</controlfield>
          <controlfield tag="008">780106s1925    enkf     b    000 0 eng  </controlfield>
          <datafield tag="035" ind1=" " ind2=" ">
            <subfield code="9">(DLC)   26008088</subfield>
          </datafield>
          <datafield tag="906" ind1=" " ind2=" ">
            <subfield code="a">7</subfield>
            <subfield code="b">cbc</subfield>
            <subfield code="c">oclcrpl</subfield>
            <subfield code="d">u</subfield>
            <subfield code="e">ncip</subfield>
            <subfield code="f">19</subfield>
            <subfield code="g">y-gencatlg</subfield>
          </datafield>
          <datafield tag="010" ind1=" " ind2=" ">
            <subfield code="a">   26008088 </subfield>
          </datafield>
          <datafield tag="035" ind1=" " ind2=" ">
            <subfield code="a">(OCoLC)3535249</subfield>
          </datafield>
          <datafield tag="040" ind1=" " ind2=" ">
            <subfield code="a">DLC</subfield>
            <subfield code="c">CCC</subfield>
            <subfield code="d">CCC</subfield>
            <subfield code="d">DLC</subfield>
          </datafield>
          <datafield tag="042" ind1=" " ind2=" ">
            <subfield code="a">premarc</subfield>
          </datafield>
          <datafield tag="050" ind1="0" ind2="0">
            <subfield code="a">QC481</subfield>
            <subfield code="b">.B85</subfield>
          </datafield>
          <datafield tag="100" ind1="1" ind2=" ">
            <subfield code="a">Broglie, Maurice de,</subfield>
            <subfield code="d">1875-1960.</subfield>
          </datafield>
          <datafield tag="240" ind1="1" ind2="0">
            <subfield code="a">Rayons X.</subfield>
            <subfield code="l">English</subfield>
          </datafield>
          <datafield tag="245" ind1="0" ind2="0">
            <subfield code="a">X-rays,</subfield>
            <subfield code="c">by Maurice de Broglie, translated by J. R. Clarke; with seven plates and thirty-nine diagrams.</subfield>
          </datafield>
          <datafield tag="260" ind1=" " ind2=" ">
            <subfield code="a">London,</subfield>
            <subfield code="b">Methuen &amp; Co.,</subfield>
            <subfield code="c">1925.</subfield>
          </datafield>
          <datafield tag="300" ind1=" " ind2=" ">
            <subfield code="a">xii, 204 p.</subfield>
            <subfield code="b">7 pl., tables (part fold.) diagrs.</subfield>
            <subfield code="c">23 cm.</subfield>
          </datafield>
          <datafield tag="504" ind1=" " ind2=" ">
            <subfield code="a">Bibliography at end of each chapter.</subfield>
          </datafield>
          <datafield tag="650" ind1=" " ind2="0">
            <subfield code="a">X-rays.</subfield>
          </datafield>
          <datafield tag="700" ind1="1" ind2=" ">
            <subfield code="a">Clarke, J. R.</subfield>
            <subfield code="q">(Joseph Ryle),</subfield>
            <subfield code="e">tr.</subfield>
          </datafield>
          <datafield tag="985" ind1=" " ind2=" ">
            <subfield code="e">OCLC REPLACEMENT cdsdistr</subfield>
          </datafield>
          <datafield tag="991" ind1=" " ind2=" ">
            <subfield code="b">c-GenColl</subfield>
            <subfield code="h">QC481</subfield>
            <subfield code="i">.B85</subfield>
            <subfield code="t">Copy 1</subfield>
            <subfield code="w">OCLCREP</subfield>
          </datafield>
        </record>
      </zs:recordData>
      <zs:recordPosition>2</zs:recordPosition>
    </zs:record>